%YAML 1.1
%TAG !u! tag:unity3d.com,2011:
--- !u!1 &3462284891340409372
GameObject:
  m_ObjectHideFlags: 0
  m_CorrespondingSourceObject: {fileID: 0}
  m_PrefabInstance: {fileID: 0}
  m_PrefabAsset: {fileID: 0}
  serializedVersion: 6
  m_Component:
  - component: {fileID: 3462284891340409373}
  - component: {fileID: 4255001346778017712}
  - component: {fileID: 3426439052084316178}
  m_Layer: 0
  m_Name: Line-4.2G0
  m_TagString: Line-4.2G
  m_Icon: {fileID: 0}
  m_NavMeshLayer: 0
  m_StaticEditorFlags: 0
  m_IsActive: 1
--- !u!4 &3462284891340409373
Transform:
  m_ObjectHideFlags: 0
  m_CorrespondingSourceObject: {fileID: 0}
  m_PrefabInstance: {fileID: 0}
  m_PrefabAsset: {fileID: 0}
  m_GameObject: {fileID: 3462284891340409372}
  m_LocalRotation: {x: 0, y: 0, z: 0, w: 1}
  m_LocalPosition: {x: 0, y: 0, z: 0}
  m_LocalScale: {x: 1, y: 1, z: 1}
  m_Children:
  - {fileID: 3314222031706756016}
  - {fileID: 6947117719802564199}
  - {fileID: 3314222030637454319}
  - {fileID: 525972305002323054}
  - {fileID: 1535219531425500637}
  - {fileID: 3382954663728279418}
  - {fileID: 3160666377181422795}
  - {fileID: 8148601563673653717}
  - {fileID: 4237391102696211299}
  m_Father: {fileID: 0}
  m_RootOrder: 0
  m_LocalEulerAnglesHint: {x: 0, y: 0, z: 0}
--- !u!61 &4255001346778017712
BoxCollider2D:
  m_ObjectHideFlags: 0
  m_CorrespondingSourceObject: {fileID: 0}
  m_PrefabInstance: {fileID: 0}
  m_PrefabAsset: {fileID: 0}
  m_GameObject: {fileID: 3462284891340409372}
  m_Enabled: 1
  m_Density: 1
  m_Material: {fileID: 0}
  m_IsTrigger: 1
  m_UsedByEffector: 0
  m_UsedByComposite: 0
  m_Offset: {x: 0, y: 0}
  m_SpriteTilingProperty:
    border: {x: 0, y: 0, z: 0, w: 0}
    pivot: {x: 0, y: 0}
    oldSize: {x: 0, y: 0}
    newSize: {x: 0, y: 0}
    adaptiveTilingThreshold: 0
    drawMode: 0
    adaptiveTiling: 0
  m_AutoTiling: 0
  serializedVersion: 2
  m_Size: {x: 4.7, y: 0.2}
  m_EdgeRadius: 0
--- !u!50 &3426439052084316178
Rigidbody2D:
  serializedVersion: 4
  m_ObjectHideFlags: 0
  m_CorrespondingSourceObject: {fileID: 0}
  m_PrefabInstance: {fileID: 0}
  m_PrefabAsset: {fileID: 0}
  m_GameObject: {fileID: 3462284891340409372}
  m_BodyType: 1
  m_Simulated: 1
  m_UseFullKinematicContacts: 0
  m_UseAutoMass: 0
  m_Mass: 1
  m_LinearDrag: 0
  m_AngularDrag: 0.05
  m_GravityScale: 1
  m_Material: {fileID: 0}
  m_Interpolate: 0
  m_SleepingMode: 1
  m_CollisionDetection: 0
  m_Constraints: 0
--- !u!1001 &1125550365614217451
PrefabInstance:
  m_ObjectHideFlags: 0
  serializedVersion: 2
  m_Modification:
    m_TransformParent: {fileID: 3462284891340409373}
    m_Modifications:
    - target: {fileID: 3060896536533119445, guid: 204ed615502aa3a498a0be4f03525267, type: 3}
      propertyPath: m_Name
      value: "plataforma m\xE1 4 (1)"
      objectReference: {fileID: 0}
    - target: {fileID: 9118496129116989758, guid: 204ed615502aa3a498a0be4f03525267, type: 3}
      propertyPath: m_RootOrder
      value: 7
      objectReference: {fileID: 0}
    - target: {fileID: 9118496129116989758, guid: 204ed615502aa3a498a0be4f03525267, type: 3}
      propertyPath: m_LocalPosition.x
      value: 0.706
      objectReference: {fileID: 0}
    - target: {fileID: 9118496129116989758, guid: 204ed615502aa3a498a0be4f03525267, type: 3}
      propertyPath: m_LocalPosition.y
      value: -0.117
      objectReference: {fileID: 0}
    - target: {fileID: 9118496129116989758, guid: 204ed615502aa3a498a0be4f03525267, type: 3}
      propertyPath: m_LocalPosition.z
      value: 0
      objectReference: {fileID: 0}
    - target: {fileID: 9118496129116989758, guid: 204ed615502aa3a498a0be4f03525267, type: 3}
      propertyPath: m_LocalRotation.w
      value: 1
      objectReference: {fileID: 0}
    - target: {fileID: 9118496129116989758, guid: 204ed615502aa3a498a0be4f03525267, type: 3}
      propertyPath: m_LocalRotation.x
      value: 0
      objectReference: {fileID: 0}
    - target: {fileID: 9118496129116989758, guid: 204ed615502aa3a498a0be4f03525267, type: 3}
      propertyPath: m_LocalRotation.y
      value: 0
      objectReference: {fileID: 0}
    - target: {fileID: 9118496129116989758, guid: 204ed615502aa3a498a0be4f03525267, type: 3}
      propertyPath: m_LocalRotation.z
      value: 0
      objectReference: {fileID: 0}
    - target: {fileID: 9118496129116989758, guid: 204ed615502aa3a498a0be4f03525267, type: 3}
      propertyPath: m_LocalEulerAnglesHint.x
      value: 0
      objectReference: {fileID: 0}
    - target: {fileID: 9118496129116989758, guid: 204ed615502aa3a498a0be4f03525267, type: 3}
      propertyPath: m_LocalEulerAnglesHint.y
      value: 0
      objectReference: {fileID: 0}
    - target: {fileID: 9118496129116989758, guid: 204ed615502aa3a498a0be4f03525267, type: 3}
      propertyPath: m_LocalEulerAnglesHint.z
      value: 0
      objectReference: {fileID: 0}
    m_RemovedComponents: []
  m_SourcePrefab: {fileID: 100100000, guid: 204ed615502aa3a498a0be4f03525267, type: 3}
--- !u!4 &8148601563673653717 stripped
Transform:
  m_CorrespondingSourceObject: {fileID: 9118496129116989758, guid: 204ed615502aa3a498a0be4f03525267, type: 3}
  m_PrefabInstance: {fileID: 1125550365614217451}
  m_PrefabAsset: {fileID: 0}
--- !u!1001 &1927078455982388938
PrefabInstance:
  m_ObjectHideFlags: 0
  serializedVersion: 2
  m_Modification:
    m_TransformParent: {fileID: 3462284891340409373}
    m_Modifications:
    - target: {fileID: 2158062749827476132, guid: e30305b7a246310489b87ca6788c4568, type: 3}
      propertyPath: m_RootOrder
      value: 3
      objectReference: {fileID: 0}
    - target: {fileID: 2158062749827476132, guid: e30305b7a246310489b87ca6788c4568, type: 3}
      propertyPath: m_LocalPosition.x
      value: 0.7
      objectReference: {fileID: 0}
    - target: {fileID: 2158062749827476132, guid: e30305b7a246310489b87ca6788c4568, type: 3}
      propertyPath: m_LocalPosition.y
      value: 0
      objectReference: {fileID: 0}
    - target: {fileID: 2158062749827476132, guid: e30305b7a246310489b87ca6788c4568, type: 3}
      propertyPath: m_LocalPosition.z
      value: 25.315443
      objectReference: {fileID: 0}
    - target: {fileID: 2158062749827476132, guid: e30305b7a246310489b87ca6788c4568, type: 3}
      propertyPath: m_LocalRotation.w
      value: 1
      objectReference: {fileID: 0}
    - target: {fileID: 2158062749827476132, guid: e30305b7a246310489b87ca6788c4568, type: 3}
      propertyPath: m_LocalRotation.x
      value: -0
      objectReference: {fileID: 0}
    - target: {fileID: 2158062749827476132, guid: e30305b7a246310489b87ca6788c4568, type: 3}
      propertyPath: m_LocalRotation.y
      value: -0
      objectReference: {fileID: 0}
    - target: {fileID: 2158062749827476132, guid: e30305b7a246310489b87ca6788c4568, type: 3}
      propertyPath: m_LocalRotation.z
      value: -0
      objectReference: {fileID: 0}
    - target: {fileID: 2158062749827476132, guid: e30305b7a246310489b87ca6788c4568, type: 3}
      propertyPath: m_LocalEulerAnglesHint.x
      value: 0
      objectReference: {fileID: 0}
    - target: {fileID: 2158062749827476132, guid: e30305b7a246310489b87ca6788c4568, type: 3}
      propertyPath: m_LocalEulerAnglesHint.y
      value: 0
      objectReference: {fileID: 0}
    - target: {fileID: 2158062749827476132, guid: e30305b7a246310489b87ca6788c4568, type: 3}
      propertyPath: m_LocalEulerAnglesHint.z
      value: 0
      objectReference: {fileID: 0}
    - target: {fileID: 5869016809488494207, guid: e30305b7a246310489b87ca6788c4568, type: 3}
      propertyPath: m_Name
      value: Fall Plat Teste (2)
      objectReference: {fileID: 0}
    - target: {fileID: 5869016809488494207, guid: e30305b7a246310489b87ca6788c4568, type: 3}
      propertyPath: m_IsActive
      value: 0
      objectReference: {fileID: 0}
    m_RemovedComponents: []
  m_SourcePrefab: {fileID: 100100000, guid: e30305b7a246310489b87ca6788c4568, type: 3}
--- !u!4 &525972305002323054 stripped
Transform:
  m_CorrespondingSourceObject: {fileID: 2158062749827476132, guid: e30305b7a246310489b87ca6788c4568, type: 3}
  m_PrefabInstance: {fileID: 1927078455982388938}
  m_PrefabAsset: {fileID: 0}
--- !u!1001 &3462284890418149707
PrefabInstance:
  m_ObjectHideFlags: 0
  serializedVersion: 2
  m_Modification:
    m_TransformParent: {fileID: 3462284891340409373}
    m_Modifications:
    - target: {fileID: 2158062749827476132, guid: e30305b7a246310489b87ca6788c4568, type: 3}
      propertyPath: m_RootOrder
      value: 2
      objectReference: {fileID: 0}
    - target: {fileID: 2158062749827476132, guid: e30305b7a246310489b87ca6788c4568, type: 3}
      propertyPath: m_LocalPosition.x
      value: 2
      objectReference: {fileID: 0}
    - target: {fileID: 2158062749827476132, guid: e30305b7a246310489b87ca6788c4568, type: 3}
      propertyPath: m_LocalPosition.y
      value: 0
      objectReference: {fileID: 0}
    - target: {fileID: 2158062749827476132, guid: e30305b7a246310489b87ca6788c4568, type: 3}
      propertyPath: m_LocalPosition.z
      value: 25.315443
      objectReference: {fileID: 0}
    - target: {fileID: 2158062749827476132, guid: e30305b7a246310489b87ca6788c4568, type: 3}
      propertyPath: m_LocalRotation.w
      value: 1
      objectReference: {fileID: 0}
    - target: {fileID: 2158062749827476132, guid: e30305b7a246310489b87ca6788c4568, type: 3}
      propertyPath: m_LocalRotation.x
      value: -0
      objectReference: {fileID: 0}
    - target: {fileID: 2158062749827476132, guid: e30305b7a246310489b87ca6788c4568, type: 3}
      propertyPath: m_LocalRotation.y
      value: -0
      objectReference: {fileID: 0}
    - target: {fileID: 2158062749827476132, guid: e30305b7a246310489b87ca6788c4568, type: 3}
      propertyPath: m_LocalRotation.z
      value: -0
      objectReference: {fileID: 0}
    - target: {fileID: 2158062749827476132, guid: e30305b7a246310489b87ca6788c4568, type: 3}
      propertyPath: m_LocalEulerAnglesHint.x
      value: 0
      objectReference: {fileID: 0}
    - target: {fileID: 2158062749827476132, guid: e30305b7a246310489b87ca6788c4568, type: 3}
      propertyPath: m_LocalEulerAnglesHint.y
      value: 0
      objectReference: {fileID: 0}
    - target: {fileID: 2158062749827476132, guid: e30305b7a246310489b87ca6788c4568, type: 3}
      propertyPath: m_LocalEulerAnglesHint.z
      value: 0
      objectReference: {fileID: 0}
    - target: {fileID: 5869016809488494207, guid: e30305b7a246310489b87ca6788c4568, type: 3}
      propertyPath: m_Name
      value: Fall Plat Teste (1)
      objectReference: {fileID: 0}
    - target: {fileID: 5869016809488494207, guid: e30305b7a246310489b87ca6788c4568, type: 3}
      propertyPath: m_IsActive
      value: 0
      objectReference: {fileID: 0}
    m_RemovedComponents: []
  m_SourcePrefab: {fileID: 100100000, guid: e30305b7a246310489b87ca6788c4568, type: 3}
--- !u!4 &3314222030637454319 stripped
Transform:
  m_CorrespondingSourceObject: {fileID: 2158062749827476132, guid: e30305b7a246310489b87ca6788c4568, type: 3}
  m_PrefabInstance: {fileID: 3462284890418149707}
  m_PrefabAsset: {fileID: 0}
--- !u!1001 &3462284891496888596
PrefabInstance:
  m_ObjectHideFlags: 0
  serializedVersion: 2
  m_Modification:
    m_TransformParent: {fileID: 3462284891340409373}
    m_Modifications:
    - target: {fileID: 2158062749827476132, guid: e30305b7a246310489b87ca6788c4568, type: 3}
      propertyPath: m_RootOrder
      value: 0
      objectReference: {fileID: 0}
    - target: {fileID: 2158062749827476132, guid: e30305b7a246310489b87ca6788c4568, type: 3}
      propertyPath: m_LocalPosition.x
      value: -2
      objectReference: {fileID: 0}
    - target: {fileID: 2158062749827476132, guid: e30305b7a246310489b87ca6788c4568, type: 3}
      propertyPath: m_LocalPosition.y
      value: 0
      objectReference: {fileID: 0}
    - target: {fileID: 2158062749827476132, guid: e30305b7a246310489b87ca6788c4568, type: 3}
      propertyPath: m_LocalPosition.z
      value: 25.315443
      objectReference: {fileID: 0}
    - target: {fileID: 2158062749827476132, guid: e30305b7a246310489b87ca6788c4568, type: 3}
      propertyPath: m_LocalRotation.w
      value: 1
      objectReference: {fileID: 0}
    - target: {fileID: 2158062749827476132, guid: e30305b7a246310489b87ca6788c4568, type: 3}
      propertyPath: m_LocalRotation.x
      value: -0
      objectReference: {fileID: 0}
    - target: {fileID: 2158062749827476132, guid: e30305b7a246310489b87ca6788c4568, type: 3}
      propertyPath: m_LocalRotation.y
      value: -0
      objectReference: {fileID: 0}
    - target: {fileID: 2158062749827476132, guid: e30305b7a246310489b87ca6788c4568, type: 3}
      propertyPath: m_LocalRotation.z
      value: -0
      objectReference: {fileID: 0}
    - target: {fileID: 2158062749827476132, guid: e30305b7a246310489b87ca6788c4568, type: 3}
      propertyPath: m_LocalEulerAnglesHint.x
      value: 0
      objectReference: {fileID: 0}
    - target: {fileID: 2158062749827476132, guid: e30305b7a246310489b87ca6788c4568, type: 3}
      propertyPath: m_LocalEulerAnglesHint.y
      value: 0
      objectReference: {fileID: 0}
    - target: {fileID: 2158062749827476132, guid: e30305b7a246310489b87ca6788c4568, type: 3}
      propertyPath: m_LocalEulerAnglesHint.z
      value: 0
      objectReference: {fileID: 0}
    - target: {fileID: 5869016809488494207, guid: e30305b7a246310489b87ca6788c4568, type: 3}
      propertyPath: m_Name
      value: Fall Plat Teste
      objectReference: {fileID: 0}
    - target: {fileID: 5869016809488494207, guid: e30305b7a246310489b87ca6788c4568, type: 3}
      propertyPath: m_IsActive
      value: 0
      objectReference: {fileID: 0}
    m_RemovedComponents: []
  m_SourcePrefab: {fileID: 100100000, guid: e30305b7a246310489b87ca6788c4568, type: 3}
--- !u!4 &3314222031706756016 stripped
Transform:
  m_CorrespondingSourceObject: {fileID: 2158062749827476132, guid: e30305b7a246310489b87ca6788c4568, type: 3}
  m_PrefabInstance: {fileID: 3462284891496888596}
  m_PrefabAsset: {fileID: 0}
--- !u!1001 &3462284892215231706
PrefabInstance:
  m_ObjectHideFlags: 0
  serializedVersion: 2
  m_Modification:
    m_TransformParent: {fileID: 3462284891340409373}
    m_Modifications:
    - target: {fileID: 5793211325716335293, guid: 75b03233e734a2249884d406b76bdb7d, type: 3}
      propertyPath: m_RootOrder
      value: 1
      objectReference: {fileID: 0}
    - target: {fileID: 5793211325716335293, guid: 75b03233e734a2249884d406b76bdb7d, type: 3}
      propertyPath: m_LocalPosition.x
      value: -0.7
      objectReference: {fileID: 0}
    - target: {fileID: 5793211325716335293, guid: 75b03233e734a2249884d406b76bdb7d, type: 3}
      propertyPath: m_LocalPosition.y
      value: 0
      objectReference: {fileID: 0}
    - target: {fileID: 5793211325716335293, guid: 75b03233e734a2249884d406b76bdb7d, type: 3}
      propertyPath: m_LocalPosition.z
      value: 25.315443
      objectReference: {fileID: 0}
    - target: {fileID: 5793211325716335293, guid: 75b03233e734a2249884d406b76bdb7d, type: 3}
      propertyPath: m_LocalRotation.w
      value: 1
      objectReference: {fileID: 0}
    - target: {fileID: 5793211325716335293, guid: 75b03233e734a2249884d406b76bdb7d, type: 3}
      propertyPath: m_LocalRotation.x
      value: -0
      objectReference: {fileID: 0}
    - target: {fileID: 5793211325716335293, guid: 75b03233e734a2249884d406b76bdb7d, type: 3}
      propertyPath: m_LocalRotation.y
      value: -0
      objectReference: {fileID: 0}
    - target: {fileID: 5793211325716335293, guid: 75b03233e734a2249884d406b76bdb7d, type: 3}
      propertyPath: m_LocalRotation.z
      value: -0
      objectReference: {fileID: 0}
    - target: {fileID: 5793211325716335293, guid: 75b03233e734a2249884d406b76bdb7d, type: 3}
      propertyPath: m_LocalEulerAnglesHint.x
      value: 0
      objectReference: {fileID: 0}
    - target: {fileID: 5793211325716335293, guid: 75b03233e734a2249884d406b76bdb7d, type: 3}
      propertyPath: m_LocalEulerAnglesHint.y
      value: 0
      objectReference: {fileID: 0}
    - target: {fileID: 5793211325716335293, guid: 75b03233e734a2249884d406b76bdb7d, type: 3}
      propertyPath: m_LocalEulerAnglesHint.z
      value: 0
      objectReference: {fileID: 0}
    - target: {fileID: 6478919830554125100, guid: 75b03233e734a2249884d406b76bdb7d, type: 3}
      propertyPath: m_Name
      value: Solid Plat Teste (1)
      objectReference: {fileID: 0}
    - target: {fileID: 6478919830554125100, guid: 75b03233e734a2249884d406b76bdb7d, type: 3}
      propertyPath: m_IsActive
      value: 0
      objectReference: {fileID: 0}
    m_RemovedComponents: []
  m_SourcePrefab: {fileID: 100100000, guid: 75b03233e734a2249884d406b76bdb7d, type: 3}
--- !u!4 &6947117719802564199 stripped
Transform:
  m_CorrespondingSourceObject: {fileID: 5793211325716335293, guid: 75b03233e734a2249884d406b76bdb7d, type: 3}
  m_PrefabInstance: {fileID: 3462284892215231706}
  m_PrefabAsset: {fileID: 0}
--- !u!1001 &4682813014298227538
PrefabInstance:
  m_ObjectHideFlags: 0
  serializedVersion: 2
  m_Modification:
    m_TransformParent: {fileID: 3462284891340409373}
    m_Modifications:
    - target: {fileID: 6175142794979032719, guid: d12837a36e4d2b34b8088a1a4f698106, type: 3}
      propertyPath: m_RootOrder
      value: 4
      objectReference: {fileID: 0}
    - target: {fileID: 6175142794979032719, guid: d12837a36e4d2b34b8088a1a4f698106, type: 3}
      propertyPath: m_LocalPosition.x
      value: -0.7
      objectReference: {fileID: 0}
    - target: {fileID: 6175142794979032719, guid: d12837a36e4d2b34b8088a1a4f698106, type: 3}
      propertyPath: m_LocalPosition.y
      value: 0
      objectReference: {fileID: 0}
    - target: {fileID: 6175142794979032719, guid: d12837a36e4d2b34b8088a1a4f698106, type: 3}
      propertyPath: m_LocalPosition.z
      value: 0
      objectReference: {fileID: 0}
    - target: {fileID: 6175142794979032719, guid: d12837a36e4d2b34b8088a1a4f698106, type: 3}
      propertyPath: m_LocalRotation.w
      value: 1
      objectReference: {fileID: 0}
    - target: {fileID: 6175142794979032719, guid: d12837a36e4d2b34b8088a1a4f698106, type: 3}
      propertyPath: m_LocalRotation.x
      value: 0
      objectReference: {fileID: 0}
    - target: {fileID: 6175142794979032719, guid: d12837a36e4d2b34b8088a1a4f698106, type: 3}
      propertyPath: m_LocalRotation.y
      value: 0
      objectReference: {fileID: 0}
    - target: {fileID: 6175142794979032719, guid: d12837a36e4d2b34b8088a1a4f698106, type: 3}
      propertyPath: m_LocalRotation.z
      value: 0
      objectReference: {fileID: 0}
    - target: {fileID: 6175142794979032719, guid: d12837a36e4d2b34b8088a1a4f698106, type: 3}
      propertyPath: m_LocalEulerAnglesHint.x
      value: 0
      objectReference: {fileID: 0}
    - target: {fileID: 6175142794979032719, guid: d12837a36e4d2b34b8088a1a4f698106, type: 3}
      propertyPath: m_LocalEulerAnglesHint.y
      value: 0
      objectReference: {fileID: 0}
    - target: {fileID: 6175142794979032719, guid: d12837a36e4d2b34b8088a1a4f698106, type: 3}
      propertyPath: m_LocalEulerAnglesHint.z
      value: 0
      objectReference: {fileID: 0}
    - target: {fileID: 8966108952206236666, guid: d12837a36e4d2b34b8088a1a4f698106, type: 3}
      propertyPath: m_Name
      value: SolidPlatSelector
      objectReference: {fileID: 0}
    - target: {fileID: 8966108952206236666, guid: d12837a36e4d2b34b8088a1a4f698106, type: 3}
      propertyPath: m_IsActive
      value: 0
      objectReference: {fileID: 0}
    m_RemovedComponents: []
  m_SourcePrefab: {fileID: 100100000, guid: d12837a36e4d2b34b8088a1a4f698106, type: 3}
--- !u!4 &1535219531425500637 stripped
Transform:
  m_CorrespondingSourceObject: {fileID: 6175142794979032719, guid: d12837a36e4d2b34b8088a1a4f698106, type: 3}
  m_PrefabInstance: {fileID: 4682813014298227538}
  m_PrefabAsset: {fileID: 0}
--- !u!1001 &4919438409276140125
PrefabInstance:
  m_ObjectHideFlags: 0
  serializedVersion: 2
  m_Modification:
    m_TransformParent: {fileID: 3462284891340409373}
    m_Modifications:
    - target: {fileID: 3060896536533119445, guid: 204ed615502aa3a498a0be4f03525267, type: 3}
      propertyPath: m_Name
      value: "plataforma m\xE1 4 (2)"
      objectReference: {fileID: 0}
    - target: {fileID: 9118496129116989758, guid: 204ed615502aa3a498a0be4f03525267, type: 3}
      propertyPath: m_RootOrder
      value: 8
      objectReference: {fileID: 0}
    - target: {fileID: 9118496129116989758, guid: 204ed615502aa3a498a0be4f03525267, type: 3}
      propertyPath: m_LocalPosition.x
      value: 2.003
      objectReference: {fileID: 0}
    - target: {fileID: 9118496129116989758, guid: 204ed615502aa3a498a0be4f03525267, type: 3}
      propertyPath: m_LocalPosition.y
      value: -0.117
      objectReference: {fileID: 0}
    - target: {fileID: 9118496129116989758, guid: 204ed615502aa3a498a0be4f03525267, type: 3}
      propertyPath: m_LocalPosition.z
      value: 0
      objectReference: {fileID: 0}
    - target: {fileID: 9118496129116989758, guid: 204ed615502aa3a498a0be4f03525267, type: 3}
      propertyPath: m_LocalRotation.w
      value: 1
      objectReference: {fileID: 0}
    - target: {fileID: 9118496129116989758, guid: 204ed615502aa3a498a0be4f03525267, type: 3}
      propertyPath: m_LocalRotation.x
      value: 0
      objectReference: {fileID: 0}
    - target: {fileID: 9118496129116989758, guid: 204ed615502aa3a498a0be4f03525267, type: 3}
      propertyPath: m_LocalRotation.y
      value: 0
      objectReference: {fileID: 0}
    - target: {fileID: 9118496129116989758, guid: 204ed615502aa3a498a0be4f03525267, type: 3}
      propertyPath: m_LocalRotation.z
      value: 0
      objectReference: {fileID: 0}
    - target: {fileID: 9118496129116989758, guid: 204ed615502aa3a498a0be4f03525267, type: 3}
      propertyPath: m_LocalEulerAnglesHint.x
      value: 0
      objectReference: {fileID: 0}
    - target: {fileID: 9118496129116989758, guid: 204ed615502aa3a498a0be4f03525267, type: 3}
      propertyPath: m_LocalEulerAnglesHint.y
      value: 0
      objectReference: {fileID: 0}
    - target: {fileID: 9118496129116989758, guid: 204ed615502aa3a498a0be4f03525267, type: 3}
      propertyPath: m_LocalEulerAnglesHint.z
      value: 0
      objectReference: {fileID: 0}
    m_RemovedComponents: []
  m_SourcePrefab: {fileID: 100100000, guid: 204ed615502aa3a498a0be4f03525267, type: 3}
--- !u!4 &4237391102696211299 stripped
Transform:
  m_CorrespondingSourceObject: {fileID: 9118496129116989758, guid: 204ed615502aa3a498a0be4f03525267, type: 3}
  m_PrefabInstance: {fileID: 4919438409276140125}
  m_PrefabAsset: {fileID: 0}
--- !u!1001 &6149549533696200181
PrefabInstance:
  m_ObjectHideFlags: 0
  serializedVersion: 2
  m_Modification:
    m_TransformParent: {fileID: 3462284891340409373}
    m_Modifications:
    - target: {fileID: 3060896536533119445, guid: 204ed615502aa3a498a0be4f03525267, type: 3}
      propertyPath: m_Name
      value: "plataforma m\xE1 4"
      objectReference: {fileID: 0}
    - target: {fileID: 9118496129116989758, guid: 204ed615502aa3a498a0be4f03525267, type: 3}
      propertyPath: m_RootOrder
      value: 6
      objectReference: {fileID: 0}
    - target: {fileID: 9118496129116989758, guid: 204ed615502aa3a498a0be4f03525267, type: 3}
      propertyPath: m_LocalPosition.x
      value: -1.992
      objectReference: {fileID: 0}
    - target: {fileID: 9118496129116989758, guid: 204ed615502aa3a498a0be4f03525267, type: 3}
      propertyPath: m_LocalPosition.y
      value: -0.117
      objectReference: {fileID: 0}
    - target: {fileID: 9118496129116989758, guid: 204ed615502aa3a498a0be4f03525267, type: 3}
      propertyPath: m_LocalPosition.z
      value: 0
      objectReference: {fileID: 0}
    - target: {fileID: 9118496129116989758, guid: 204ed615502aa3a498a0be4f03525267, type: 3}
      propertyPath: m_LocalRotation.w
      value: 1
      objectReference: {fileID: 0}
    - target: {fileID: 9118496129116989758, guid: 204ed615502aa3a498a0be4f03525267, type: 3}
      propertyPath: m_LocalRotation.x
      value: 0
      objectReference: {fileID: 0}
    - target: {fileID: 9118496129116989758, guid: 204ed615502aa3a498a0be4f03525267, type: 3}
      propertyPath: m_LocalRotation.y
      value: 0
      objectReference: {fileID: 0}
    - target: {fileID: 9118496129116989758, guid: 204ed615502aa3a498a0be4f03525267, type: 3}
      propertyPath: m_LocalRotation.z
      value: 0
      objectReference: {fileID: 0}
    - target: {fileID: 9118496129116989758, guid: 204ed615502aa3a498a0be4f03525267, type: 3}
      propertyPath: m_LocalEulerAnglesHint.x
      value: 0
      objectReference: {fileID: 0}
    - target: {fileID: 9118496129116989758, guid: 204ed615502aa3a498a0be4f03525267, type: 3}
      propertyPath: m_LocalEulerAnglesHint.y
      value: 0
      objectReference: {fileID: 0}
    - target: {fileID: 9118496129116989758, guid: 204ed615502aa3a498a0be4f03525267, type: 3}
      propertyPath: m_LocalEulerAnglesHint.z
      value: 0
      objectReference: {fileID: 0}
    m_RemovedComponents: []
  m_SourcePrefab: {fileID: 100100000, guid: 204ed615502aa3a498a0be4f03525267, type: 3}
--- !u!4 &3160666377181422795 stripped
Transform:
  m_CorrespondingSourceObject: {fileID: 9118496129116989758, guid: 204ed615502aa3a498a0be4f03525267, type: 3}
  m_PrefabInstance: {fileID: 6149549533696200181}
  m_PrefabAsset: {fileID: 0}
--- !u!1001 &8040631138644606378
PrefabInstance:
  m_ObjectHideFlags: 0
  serializedVersion: 2
  m_Modification:
    m_TransformParent: {fileID: 3462284891340409373}
    m_Modifications:
    - target: {fileID: 4712071690595422928, guid: 7f5b20bac8f9b374e88a6fca48e24b4d, type: 3}
      propertyPath: m_RootOrder
      value: 5
      objectReference: {fileID: 0}
    - target: {fileID: 4712071690595422928, guid: 7f5b20bac8f9b374e88a6fca48e24b4d, type: 3}
      propertyPath: m_LocalPosition.x
      value: -0.692
      objectReference: {fileID: 0}
    - target: {fileID: 4712071690595422928, guid: 7f5b20bac8f9b374e88a6fca48e24b4d, type: 3}
      propertyPath: m_LocalPosition.y
      value: 0
      objectReference: {fileID: 0}
    - target: {fileID: 4712071690595422928, guid: 7f5b20bac8f9b374e88a6fca48e24b4d, type: 3}
      propertyPath: m_LocalPosition.z
      value: 0
      objectReference: {fileID: 0}
    - target: {fileID: 4712071690595422928, guid: 7f5b20bac8f9b374e88a6fca48e24b4d, type: 3}
      propertyPath: m_LocalRotation.w
      value: 1
      objectReference: {fileID: 0}
    - target: {fileID: 4712071690595422928, guid: 7f5b20bac8f9b374e88a6fca48e24b4d, type: 3}
      propertyPath: m_LocalRotation.x
      value: 0
      objectReference: {fileID: 0}
    - target: {fileID: 4712071690595422928, guid: 7f5b20bac8f9b374e88a6fca48e24b4d, type: 3}
      propertyPath: m_LocalRotation.y
      value: 0
      objectReference: {fileID: 0}
    - target: {fileID: 4712071690595422928, guid: 7f5b20bac8f9b374e88a6fca48e24b4d, type: 3}
      propertyPath: m_LocalRotation.z
      value: 0
      objectReference: {fileID: 0}
    - target: {fileID: 4712071690595422928, guid: 7f5b20bac8f9b374e88a6fca48e24b4d, type: 3}
      propertyPath: m_LocalEulerAnglesHint.x
      value: 0
      objectReference: {fileID: 0}
    - target: {fileID: 4712071690595422928, guid: 7f5b20bac8f9b374e88a6fca48e24b4d, type: 3}
      propertyPath: m_LocalEulerAnglesHint.y
      value: 0
      objectReference: {fileID: 0}
    - target: {fileID: 4712071690595422928, guid: 7f5b20bac8f9b374e88a6fca48e24b4d, type: 3}
      propertyPath: m_LocalEulerAnglesHint.z
      value: 0
      objectReference: {fileID: 0}
    - target: {fileID: 7545819716005607333, guid: 7f5b20bac8f9b374e88a6fca48e24b4d, type: 3}
      propertyPath: m_Name
      value: SolidPlatSelectorO
      objectReference: {fileID: 0}
    m_RemovedComponents: []
  m_SourcePrefab: {fileID: 100100000, guid: 7f5b20bac8f9b374e88a6fca48e24b4d, type: 3}
--- !u!4 &3382954663728279418 stripped
Transform:
  m_CorrespondingSourceObject: {fileID: 4712071690595422928, guid: 7f5b20bac8f9b374e88a6fca48e24b4d, type: 3}
  m_PrefabInstance: {fileID: 8040631138644606378}
  m_PrefabAsset: {fileID: 0}
