%YAML 1.1
%TAG !u! tag:unity3d.com,2011:
--- !u!1 &8125764730925128260
GameObject:
  m_ObjectHideFlags: 0
  m_CorrespondingSourceObject: {fileID: 0}
  m_PrefabInstance: {fileID: 0}
  m_PrefabAsset: {fileID: 0}
  serializedVersion: 6
  m_Component:
  - component: {fileID: 8125764730925128259}
  - component: {fileID: 604030967661245850}
  - component: {fileID: 3930630285310558026}
  m_Layer: 0
  m_Name: Plat Line 3
  m_TagString: Untagged
  m_Icon: {fileID: 0}
  m_NavMeshLayer: 0
  m_StaticEditorFlags: 0
  m_IsActive: 1
--- !u!4 &8125764730925128259
Transform:
  m_ObjectHideFlags: 0
  m_CorrespondingSourceObject: {fileID: 0}
  m_PrefabInstance: {fileID: 0}
  m_PrefabAsset: {fileID: 0}
  m_GameObject: {fileID: 8125764730925128260}
  m_LocalRotation: {x: 0, y: 0, z: 0, w: 1}
  m_LocalPosition: {x: 0, y: -2, z: 0}
  m_LocalScale: {x: 1, y: 1, z: 1}
  m_Children:
  - {fileID: 7050018384875594567}
  - {fileID: 7894637406520329382}
  - {fileID: 8879251373370747721}
  - {fileID: 1222209397376110566}
  - {fileID: 9068853948209359593}
  - {fileID: 2624454044197027049}
  - {fileID: 4808924620834281234}
  - {fileID: 151163662004077359}
  m_Father: {fileID: 0}
  m_RootOrder: 0
  m_LocalEulerAnglesHint: {x: 0, y: 0, z: 0}
--- !u!61 &604030967661245850
BoxCollider2D:
  m_ObjectHideFlags: 0
  m_CorrespondingSourceObject: {fileID: 0}
  m_PrefabInstance: {fileID: 0}
  m_PrefabAsset: {fileID: 0}
  m_GameObject: {fileID: 8125764730925128260}
  m_Enabled: 1
  m_Density: 1
  m_Material: {fileID: 0}
  m_IsTrigger: 1
  m_UsedByEffector: 0
  m_UsedByComposite: 0
  m_Offset: {x: 0, y: -1}
  m_SpriteTilingProperty:
    border: {x: 0, y: 0, z: 0, w: 0}
    pivot: {x: 0, y: 0}
    oldSize: {x: 0, y: 0}
    newSize: {x: 0, y: 0}
    adaptiveTilingThreshold: 0
    drawMode: 0
    adaptiveTiling: 0
  m_AutoTiling: 0
  serializedVersion: 2
  m_Size: {x: 4.7, y: 0.2}
  m_EdgeRadius: 0
--- !u!114 &3930630285310558026
MonoBehaviour:
  m_ObjectHideFlags: 0
  m_CorrespondingSourceObject: {fileID: 0}
  m_PrefabInstance: {fileID: 0}
  m_PrefabAsset: {fileID: 0}
  m_GameObject: {fileID: 8125764730925128260}
  m_Enabled: 1
  m_EditorHideFlags: 0
  m_Script: {fileID: 11500000, guid: 5bbbdb33b7b0c55408d770581b350c69, type: 3}
  m_Name: 
  m_EditorClassIdentifier: 
  Line31G: {fileID: 0}
  Line32G: {fileID: 0}
  Line33G: {fileID: 0}
  Line41G: {fileID: 0}
  Line42G: {fileID: 0}
  Line43G: {fileID: 0}
  Line44G: {fileID: 0}
--- !u!1001 &603712979799065983
PrefabInstance:
  m_ObjectHideFlags: 0
  serializedVersion: 2
  m_Modification:
    m_TransformParent: {fileID: 8125764730925128259}
    m_Modifications:
    - target: {fileID: 1771877526634236568, guid: f420a521d5544ad49af8c333b561815d, type: 3}
      propertyPath: m_Name
      value: Line-4.1G0
      objectReference: {fileID: 0}
    - target: {fileID: 1771877526634236568, guid: f420a521d5544ad49af8c333b561815d, type: 3}
      propertyPath: m_IsActive
      value: 0
      objectReference: {fileID: 0}
    - target: {fileID: 1771877526634236569, guid: f420a521d5544ad49af8c333b561815d, type: 3}
      propertyPath: m_RootOrder
      value: 3
      objectReference: {fileID: 0}
    - target: {fileID: 1771877526634236569, guid: f420a521d5544ad49af8c333b561815d, type: 3}
      propertyPath: m_LocalPosition.x
      value: 0
      objectReference: {fileID: 0}
    - target: {fileID: 1771877526634236569, guid: f420a521d5544ad49af8c333b561815d, type: 3}
      propertyPath: m_LocalPosition.y
      value: 0
      objectReference: {fileID: 0}
    - target: {fileID: 1771877526634236569, guid: f420a521d5544ad49af8c333b561815d, type: 3}
      propertyPath: m_LocalPosition.z
      value: 0
      objectReference: {fileID: 0}
    - target: {fileID: 1771877526634236569, guid: f420a521d5544ad49af8c333b561815d, type: 3}
      propertyPath: m_LocalRotation.w
      value: 1
      objectReference: {fileID: 0}
    - target: {fileID: 1771877526634236569, guid: f420a521d5544ad49af8c333b561815d, type: 3}
      propertyPath: m_LocalRotation.x
      value: 0
      objectReference: {fileID: 0}
    - target: {fileID: 1771877526634236569, guid: f420a521d5544ad49af8c333b561815d, type: 3}
      propertyPath: m_LocalRotation.y
      value: 0
      objectReference: {fileID: 0}
    - target: {fileID: 1771877526634236569, guid: f420a521d5544ad49af8c333b561815d, type: 3}
      propertyPath: m_LocalRotation.z
      value: 0
      objectReference: {fileID: 0}
    - target: {fileID: 1771877526634236569, guid: f420a521d5544ad49af8c333b561815d, type: 3}
      propertyPath: m_LocalEulerAnglesHint.x
      value: 0
      objectReference: {fileID: 0}
    - target: {fileID: 1771877526634236569, guid: f420a521d5544ad49af8c333b561815d, type: 3}
      propertyPath: m_LocalEulerAnglesHint.y
      value: 0
      objectReference: {fileID: 0}
    - target: {fileID: 1771877526634236569, guid: f420a521d5544ad49af8c333b561815d, type: 3}
      propertyPath: m_LocalEulerAnglesHint.z
      value: 0
      objectReference: {fileID: 0}
    m_RemovedComponents: []
  m_SourcePrefab: {fileID: 100100000, guid: f420a521d5544ad49af8c333b561815d, type: 3}
--- !u!4 &1222209397376110566 stripped
Transform:
  m_CorrespondingSourceObject: {fileID: 1771877526634236569, guid: f420a521d5544ad49af8c333b561815d, type: 3}
  m_PrefabInstance: {fileID: 603712979799065983}
  m_PrefabAsset: {fileID: 0}
--- !u!1001 &1364182882017370923
PrefabInstance:
  m_ObjectHideFlags: 0
  serializedVersion: 2
  m_Modification:
    m_TransformParent: {fileID: 8125764730925128259}
    m_Modifications:
    - target: {fileID: 7626842730923673698, guid: 8f309f601ea51fc45aba8fe83a222ef8, type: 3}
      propertyPath: m_RootOrder
      value: 2
      objectReference: {fileID: 0}
    - target: {fileID: 7626842730923673698, guid: 8f309f601ea51fc45aba8fe83a222ef8, type: 3}
      propertyPath: m_LocalPosition.x
      value: 0
      objectReference: {fileID: 0}
    - target: {fileID: 7626842730923673698, guid: 8f309f601ea51fc45aba8fe83a222ef8, type: 3}
      propertyPath: m_LocalPosition.y
      value: 0
      objectReference: {fileID: 0}
    - target: {fileID: 7626842730923673698, guid: 8f309f601ea51fc45aba8fe83a222ef8, type: 3}
      propertyPath: m_LocalPosition.z
      value: 0
      objectReference: {fileID: 0}
    - target: {fileID: 7626842730923673698, guid: 8f309f601ea51fc45aba8fe83a222ef8, type: 3}
      propertyPath: m_LocalRotation.w
      value: 1
      objectReference: {fileID: 0}
    - target: {fileID: 7626842730923673698, guid: 8f309f601ea51fc45aba8fe83a222ef8, type: 3}
      propertyPath: m_LocalRotation.x
      value: 0
      objectReference: {fileID: 0}
    - target: {fileID: 7626842730923673698, guid: 8f309f601ea51fc45aba8fe83a222ef8, type: 3}
      propertyPath: m_LocalRotation.y
      value: 0
      objectReference: {fileID: 0}
    - target: {fileID: 7626842730923673698, guid: 8f309f601ea51fc45aba8fe83a222ef8, type: 3}
      propertyPath: m_LocalRotation.z
      value: 0
      objectReference: {fileID: 0}
    - target: {fileID: 7626842730923673698, guid: 8f309f601ea51fc45aba8fe83a222ef8, type: 3}
      propertyPath: m_LocalEulerAnglesHint.x
      value: 0
      objectReference: {fileID: 0}
    - target: {fileID: 7626842730923673698, guid: 8f309f601ea51fc45aba8fe83a222ef8, type: 3}
      propertyPath: m_LocalEulerAnglesHint.y
      value: 0
      objectReference: {fileID: 0}
    - target: {fileID: 7626842730923673698, guid: 8f309f601ea51fc45aba8fe83a222ef8, type: 3}
      propertyPath: m_LocalEulerAnglesHint.z
      value: 0
      objectReference: {fileID: 0}
    - target: {fileID: 7626842730923673701, guid: 8f309f601ea51fc45aba8fe83a222ef8, type: 3}
      propertyPath: m_Name
      value: Line-3.3GO
      objectReference: {fileID: 0}
    - target: {fileID: 7626842730923673701, guid: 8f309f601ea51fc45aba8fe83a222ef8, type: 3}
      propertyPath: m_IsActive
      value: 0
      objectReference: {fileID: 0}
    m_RemovedComponents: []
  m_SourcePrefab: {fileID: 100100000, guid: 8f309f601ea51fc45aba8fe83a222ef8, type: 3}
--- !u!4 &8879251373370747721 stripped
Transform:
  m_CorrespondingSourceObject: {fileID: 7626842730923673698, guid: 8f309f601ea51fc45aba8fe83a222ef8, type: 3}
  m_PrefabInstance: {fileID: 1364182882017370923}
  m_PrefabAsset: {fileID: 0}
--- !u!1001 &4289345768638871538
PrefabInstance:
  m_ObjectHideFlags: 0
  serializedVersion: 2
  m_Modification:
    m_TransformParent: {fileID: 8125764730925128259}
    m_Modifications:
    - target: {fileID: 2300563482727680794, guid: b4b7a2014e68c66409c46f43d125b8f2, type: 3}
      propertyPath: m_Name
      value: Line-4.3G0
      objectReference: {fileID: 0}
    - target: {fileID: 2300563482727680794, guid: b4b7a2014e68c66409c46f43d125b8f2, type: 3}
      propertyPath: m_IsActive
      value: 0
      objectReference: {fileID: 0}
    - target: {fileID: 2300563482727680795, guid: b4b7a2014e68c66409c46f43d125b8f2, type: 3}
      propertyPath: m_RootOrder
      value: 5
      objectReference: {fileID: 0}
    - target: {fileID: 2300563482727680795, guid: b4b7a2014e68c66409c46f43d125b8f2, type: 3}
      propertyPath: m_LocalPosition.x
      value: 0
      objectReference: {fileID: 0}
    - target: {fileID: 2300563482727680795, guid: b4b7a2014e68c66409c46f43d125b8f2, type: 3}
      propertyPath: m_LocalPosition.y
      value: 0
      objectReference: {fileID: 0}
    - target: {fileID: 2300563482727680795, guid: b4b7a2014e68c66409c46f43d125b8f2, type: 3}
      propertyPath: m_LocalPosition.z
      value: 0
      objectReference: {fileID: 0}
    - target: {fileID: 2300563482727680795, guid: b4b7a2014e68c66409c46f43d125b8f2, type: 3}
      propertyPath: m_LocalRotation.w
      value: 1
      objectReference: {fileID: 0}
    - target: {fileID: 2300563482727680795, guid: b4b7a2014e68c66409c46f43d125b8f2, type: 3}
      propertyPath: m_LocalRotation.x
      value: 0
      objectReference: {fileID: 0}
    - target: {fileID: 2300563482727680795, guid: b4b7a2014e68c66409c46f43d125b8f2, type: 3}
      propertyPath: m_LocalRotation.y
      value: 0
      objectReference: {fileID: 0}
    - target: {fileID: 2300563482727680795, guid: b4b7a2014e68c66409c46f43d125b8f2, type: 3}
      propertyPath: m_LocalRotation.z
      value: 0
      objectReference: {fileID: 0}
    - target: {fileID: 2300563482727680795, guid: b4b7a2014e68c66409c46f43d125b8f2, type: 3}
      propertyPath: m_LocalEulerAnglesHint.x
      value: 0
      objectReference: {fileID: 0}
    - target: {fileID: 2300563482727680795, guid: b4b7a2014e68c66409c46f43d125b8f2, type: 3}
      propertyPath: m_LocalEulerAnglesHint.y
      value: 0
      objectReference: {fileID: 0}
    - target: {fileID: 2300563482727680795, guid: b4b7a2014e68c66409c46f43d125b8f2, type: 3}
      propertyPath: m_LocalEulerAnglesHint.z
      value: 0
      objectReference: {fileID: 0}
    m_RemovedComponents: []
  m_SourcePrefab: {fileID: 100100000, guid: b4b7a2014e68c66409c46f43d125b8f2, type: 3}
--- !u!4 &2624454044197027049 stripped
Transform:
  m_CorrespondingSourceObject: {fileID: 2300563482727680795, guid: b4b7a2014e68c66409c46f43d125b8f2, type: 3}
  m_PrefabInstance: {fileID: 4289345768638871538}
  m_PrefabAsset: {fileID: 0}
--- !u!1001 &5609105097652363508
PrefabInstance:
  m_ObjectHideFlags: 0
  serializedVersion: 2
  m_Modification:
    m_TransformParent: {fileID: 8125764730925128259}
    m_Modifications:
    - target: {fileID: 3462284891340409372, guid: bde4d51c38d37404b9ecadc9d61ab868, type: 3}
      propertyPath: m_Name
      value: Line-4.2G0
      objectReference: {fileID: 0}
    - target: {fileID: 3462284891340409372, guid: bde4d51c38d37404b9ecadc9d61ab868, type: 3}
      propertyPath: m_IsActive
      value: 0
      objectReference: {fileID: 0}
    - target: {fileID: 3462284891340409373, guid: bde4d51c38d37404b9ecadc9d61ab868, type: 3}
      propertyPath: m_RootOrder
      value: 4
      objectReference: {fileID: 0}
    - target: {fileID: 3462284891340409373, guid: bde4d51c38d37404b9ecadc9d61ab868, type: 3}
      propertyPath: m_LocalPosition.x
      value: 0
      objectReference: {fileID: 0}
    - target: {fileID: 3462284891340409373, guid: bde4d51c38d37404b9ecadc9d61ab868, type: 3}
      propertyPath: m_LocalPosition.y
      value: 0
      objectReference: {fileID: 0}
    - target: {fileID: 3462284891340409373, guid: bde4d51c38d37404b9ecadc9d61ab868, type: 3}
      propertyPath: m_LocalPosition.z
      value: 0
      objectReference: {fileID: 0}
    - target: {fileID: 3462284891340409373, guid: bde4d51c38d37404b9ecadc9d61ab868, type: 3}
      propertyPath: m_LocalRotation.w
      value: 1
      objectReference: {fileID: 0}
    - target: {fileID: 3462284891340409373, guid: bde4d51c38d37404b9ecadc9d61ab868, type: 3}
      propertyPath: m_LocalRotation.x
      value: 0
      objectReference: {fileID: 0}
    - target: {fileID: 3462284891340409373, guid: bde4d51c38d37404b9ecadc9d61ab868, type: 3}
      propertyPath: m_LocalRotation.y
      value: 0
      objectReference: {fileID: 0}
    - target: {fileID: 3462284891340409373, guid: bde4d51c38d37404b9ecadc9d61ab868, type: 3}
      propertyPath: m_LocalRotation.z
      value: 0
      objectReference: {fileID: 0}
    - target: {fileID: 3462284891340409373, guid: bde4d51c38d37404b9ecadc9d61ab868, type: 3}
      propertyPath: m_LocalEulerAnglesHint.x
      value: 0
      objectReference: {fileID: 0}
    - target: {fileID: 3462284891340409373, guid: bde4d51c38d37404b9ecadc9d61ab868, type: 3}
      propertyPath: m_LocalEulerAnglesHint.y
      value: 0
      objectReference: {fileID: 0}
    - target: {fileID: 3462284891340409373, guid: bde4d51c38d37404b9ecadc9d61ab868, type: 3}
      propertyPath: m_LocalEulerAnglesHint.z
      value: 0
      objectReference: {fileID: 0}
    m_RemovedComponents: []
  m_SourcePrefab: {fileID: 100100000, guid: bde4d51c38d37404b9ecadc9d61ab868, type: 3}
--- !u!4 &9068853948209359593 stripped
Transform:
  m_CorrespondingSourceObject: {fileID: 3462284891340409373, guid: bde4d51c38d37404b9ecadc9d61ab868, type: 3}
  m_PrefabInstance: {fileID: 5609105097652363508}
  m_PrefabAsset: {fileID: 0}
--- !u!1001 &5870152418830680919
PrefabInstance:
  m_ObjectHideFlags: 0
  serializedVersion: 2
  m_Modification:
    m_TransformParent: {fileID: 8125764730925128259}
    m_Modifications:
    - target: {fileID: 3503882803139190800, guid: 05075ecc3add67b4ca5371ef7e04ba42, type: 3}
      propertyPath: m_RootOrder
      value: 0
      objectReference: {fileID: 0}
    - target: {fileID: 3503882803139190800, guid: 05075ecc3add67b4ca5371ef7e04ba42, type: 3}
      propertyPath: m_LocalPosition.x
      value: 0
      objectReference: {fileID: 0}
    - target: {fileID: 3503882803139190800, guid: 05075ecc3add67b4ca5371ef7e04ba42, type: 3}
      propertyPath: m_LocalPosition.y
      value: 0
      objectReference: {fileID: 0}
    - target: {fileID: 3503882803139190800, guid: 05075ecc3add67b4ca5371ef7e04ba42, type: 3}
      propertyPath: m_LocalPosition.z
      value: 0
      objectReference: {fileID: 0}
    - target: {fileID: 3503882803139190800, guid: 05075ecc3add67b4ca5371ef7e04ba42, type: 3}
      propertyPath: m_LocalRotation.w
      value: 1
      objectReference: {fileID: 0}
    - target: {fileID: 3503882803139190800, guid: 05075ecc3add67b4ca5371ef7e04ba42, type: 3}
      propertyPath: m_LocalRotation.x
      value: 0
      objectReference: {fileID: 0}
    - target: {fileID: 3503882803139190800, guid: 05075ecc3add67b4ca5371ef7e04ba42, type: 3}
      propertyPath: m_LocalRotation.y
      value: 0
      objectReference: {fileID: 0}
    - target: {fileID: 3503882803139190800, guid: 05075ecc3add67b4ca5371ef7e04ba42, type: 3}
      propertyPath: m_LocalRotation.z
      value: 0
      objectReference: {fileID: 0}
    - target: {fileID: 3503882803139190800, guid: 05075ecc3add67b4ca5371ef7e04ba42, type: 3}
      propertyPath: m_LocalEulerAnglesHint.x
      value: 0
      objectReference: {fileID: 0}
    - target: {fileID: 3503882803139190800, guid: 05075ecc3add67b4ca5371ef7e04ba42, type: 3}
      propertyPath: m_LocalEulerAnglesHint.y
      value: 0
      objectReference: {fileID: 0}
    - target: {fileID: 3503882803139190800, guid: 05075ecc3add67b4ca5371ef7e04ba42, type: 3}
      propertyPath: m_LocalEulerAnglesHint.z
      value: 0
      objectReference: {fileID: 0}
    - target: {fileID: 3503882803139190807, guid: 05075ecc3add67b4ca5371ef7e04ba42, type: 3}
      propertyPath: m_Name
      value: Line-3.1GO
      objectReference: {fileID: 0}
    - target: {fileID: 3503882803139190807, guid: 05075ecc3add67b4ca5371ef7e04ba42, type: 3}
      propertyPath: m_IsActive
      value: 0
      objectReference: {fileID: 0}
    m_RemovedComponents: []
  m_SourcePrefab: {fileID: 100100000, guid: 05075ecc3add67b4ca5371ef7e04ba42, type: 3}
--- !u!4 &7050018384875594567 stripped
Transform:
  m_CorrespondingSourceObject: {fileID: 3503882803139190800, guid: 05075ecc3add67b4ca5371ef7e04ba42, type: 3}
  m_PrefabInstance: {fileID: 5870152418830680919}
  m_PrefabAsset: {fileID: 0}
--- !u!1001 &6058881842215428472
PrefabInstance:
  m_ObjectHideFlags: 0
  serializedVersion: 2
  m_Modification:
    m_TransformParent: {fileID: 8125764730925128259}
    m_Modifications:
    - target: {fileID: 2083398696162565952, guid: a608e5508b7631943bbdd74820a84b1d, type: 3}
      propertyPath: m_Name
      value: PlatInicialO
      objectReference: {fileID: 0}
    - target: {fileID: 2083398696162565952, guid: a608e5508b7631943bbdd74820a84b1d, type: 3}
      propertyPath: m_IsActive
      value: 0
      objectReference: {fileID: 0}
    - target: {fileID: 6200456559158616663, guid: a608e5508b7631943bbdd74820a84b1d, type: 3}
      propertyPath: m_RootOrder
      value: 7
      objectReference: {fileID: 0}
    - target: {fileID: 6200456559158616663, guid: a608e5508b7631943bbdd74820a84b1d, type: 3}
      propertyPath: m_LocalPosition.x
      value: 0
      objectReference: {fileID: 0}
    - target: {fileID: 6200456559158616663, guid: a608e5508b7631943bbdd74820a84b1d, type: 3}
      propertyPath: m_LocalPosition.y
      value: -0.117
      objectReference: {fileID: 0}
    - target: {fileID: 6200456559158616663, guid: a608e5508b7631943bbdd74820a84b1d, type: 3}
      propertyPath: m_LocalPosition.z
      value: 0
      objectReference: {fileID: 0}
    - target: {fileID: 6200456559158616663, guid: a608e5508b7631943bbdd74820a84b1d, type: 3}
      propertyPath: m_LocalRotation.w
      value: 1
      objectReference: {fileID: 0}
    - target: {fileID: 6200456559158616663, guid: a608e5508b7631943bbdd74820a84b1d, type: 3}
      propertyPath: m_LocalRotation.x
      value: 0
      objectReference: {fileID: 0}
    - target: {fileID: 6200456559158616663, guid: a608e5508b7631943bbdd74820a84b1d, type: 3}
      propertyPath: m_LocalRotation.y
      value: 0
      objectReference: {fileID: 0}
    - target: {fileID: 6200456559158616663, guid: a608e5508b7631943bbdd74820a84b1d, type: 3}
      propertyPath: m_LocalRotation.z
      value: 0
      objectReference: {fileID: 0}
    - target: {fileID: 6200456559158616663, guid: a608e5508b7631943bbdd74820a84b1d, type: 3}
      propertyPath: m_LocalEulerAnglesHint.x
      value: 0
      objectReference: {fileID: 0}
    - target: {fileID: 6200456559158616663, guid: a608e5508b7631943bbdd74820a84b1d, type: 3}
      propertyPath: m_LocalEulerAnglesHint.y
      value: 0
      objectReference: {fileID: 0}
    - target: {fileID: 6200456559158616663, guid: a608e5508b7631943bbdd74820a84b1d, type: 3}
      propertyPath: m_LocalEulerAnglesHint.z
      value: 0
      objectReference: {fileID: 0}
    m_RemovedComponents: []
  m_SourcePrefab: {fileID: 100100000, guid: a608e5508b7631943bbdd74820a84b1d, type: 3}
--- !u!4 &151163662004077359 stripped
Transform:
  m_CorrespondingSourceObject: {fileID: 6200456559158616663, guid: a608e5508b7631943bbdd74820a84b1d, type: 3}
  m_PrefabInstance: {fileID: 6058881842215428472}
  m_PrefabAsset: {fileID: 0}
--- !u!1001 &6590882292235021916
PrefabInstance:
  m_ObjectHideFlags: 0
  serializedVersion: 2
  m_Modification:
    m_TransformParent: {fileID: 8125764730925128259}
    m_Modifications:
    - target: {fileID: 1858649573818480974, guid: bb668936161e60746b35b57cf8ddb2ec, type: 3}
      propertyPath: m_RootOrder
      value: 6
      objectReference: {fileID: 0}
    - target: {fileID: 1858649573818480974, guid: bb668936161e60746b35b57cf8ddb2ec, type: 3}
      propertyPath: m_LocalPosition.x
      value: 0
      objectReference: {fileID: 0}
    - target: {fileID: 1858649573818480974, guid: bb668936161e60746b35b57cf8ddb2ec, type: 3}
      propertyPath: m_LocalPosition.y
      value: 0
      objectReference: {fileID: 0}
    - target: {fileID: 1858649573818480974, guid: bb668936161e60746b35b57cf8ddb2ec, type: 3}
      propertyPath: m_LocalPosition.z
      value: 0
      objectReference: {fileID: 0}
    - target: {fileID: 1858649573818480974, guid: bb668936161e60746b35b57cf8ddb2ec, type: 3}
      propertyPath: m_LocalRotation.w
      value: 1
      objectReference: {fileID: 0}
    - target: {fileID: 1858649573818480974, guid: bb668936161e60746b35b57cf8ddb2ec, type: 3}
      propertyPath: m_LocalRotation.x
      value: 0
      objectReference: {fileID: 0}
    - target: {fileID: 1858649573818480974, guid: bb668936161e60746b35b57cf8ddb2ec, type: 3}
      propertyPath: m_LocalRotation.y
      value: 0
      objectReference: {fileID: 0}
    - target: {fileID: 1858649573818480974, guid: bb668936161e60746b35b57cf8ddb2ec, type: 3}
      propertyPath: m_LocalRotation.z
      value: 0
      objectReference: {fileID: 0}
    - target: {fileID: 1858649573818480974, guid: bb668936161e60746b35b57cf8ddb2ec, type: 3}
      propertyPath: m_LocalEulerAnglesHint.x
      value: 0
      objectReference: {fileID: 0}
    - target: {fileID: 1858649573818480974, guid: bb668936161e60746b35b57cf8ddb2ec, type: 3}
      propertyPath: m_LocalEulerAnglesHint.y
      value: 0
      objectReference: {fileID: 0}
    - target: {fileID: 1858649573818480974, guid: bb668936161e60746b35b57cf8ddb2ec, type: 3}
      propertyPath: m_LocalEulerAnglesHint.z
      value: 0
      objectReference: {fileID: 0}
    - target: {fileID: 1858649573818480975, guid: bb668936161e60746b35b57cf8ddb2ec, type: 3}
      propertyPath: m_Name
      value: Line-4.4GO
      objectReference: {fileID: 0}
    - target: {fileID: 1858649573818480975, guid: bb668936161e60746b35b57cf8ddb2ec, type: 3}
      propertyPath: m_IsActive
      value: 0
      objectReference: {fileID: 0}
    m_RemovedComponents: []
  m_SourcePrefab: {fileID: 100100000, guid: bb668936161e60746b35b57cf8ddb2ec, type: 3}
--- !u!4 &4808924620834281234 stripped
Transform:
  m_CorrespondingSourceObject: {fileID: 1858649573818480974, guid: bb668936161e60746b35b57cf8ddb2ec, type: 3}
  m_PrefabInstance: {fileID: 6590882292235021916}
  m_PrefabAsset: {fileID: 0}
--- !u!1001 &8300150049522514387
PrefabInstance:
  m_ObjectHideFlags: 0
  serializedVersion: 2
  m_Modification:
    m_TransformParent: {fileID: 8125764730925128259}
    m_Modifications:
    - target: {fileID: 2215608953358597490, guid: db1edf940da78f44aad1a9bcbb392196, type: 3}
      propertyPath: m_Name
      value: Line-3.2GO
      objectReference: {fileID: 0}
    - target: {fileID: 2215608953358597490, guid: db1edf940da78f44aad1a9bcbb392196, type: 3}
      propertyPath: m_IsActive
      value: 0
      objectReference: {fileID: 0}
    - target: {fileID: 2215608953358597493, guid: db1edf940da78f44aad1a9bcbb392196, type: 3}
      propertyPath: m_RootOrder
      value: 1
      objectReference: {fileID: 0}
    - target: {fileID: 2215608953358597493, guid: db1edf940da78f44aad1a9bcbb392196, type: 3}
      propertyPath: m_LocalPosition.x
      value: 0
      objectReference: {fileID: 0}
    - target: {fileID: 2215608953358597493, guid: db1edf940da78f44aad1a9bcbb392196, type: 3}
      propertyPath: m_LocalPosition.y
      value: 0
      objectReference: {fileID: 0}
    - target: {fileID: 2215608953358597493, guid: db1edf940da78f44aad1a9bcbb392196, type: 3}
      propertyPath: m_LocalPosition.z
      value: 0
      objectReference: {fileID: 0}
    - target: {fileID: 2215608953358597493, guid: db1edf940da78f44aad1a9bcbb392196, type: 3}
      propertyPath: m_LocalRotation.w
      value: 1
      objectReference: {fileID: 0}
    - target: {fileID: 2215608953358597493, guid: db1edf940da78f44aad1a9bcbb392196, type: 3}
      propertyPath: m_LocalRotation.x
      value: 0
      objectReference: {fileID: 0}
    - target: {fileID: 2215608953358597493, guid: db1edf940da78f44aad1a9bcbb392196, type: 3}
      propertyPath: m_LocalRotation.y
      value: 0
      objectReference: {fileID: 0}
    - target: {fileID: 2215608953358597493, guid: db1edf940da78f44aad1a9bcbb392196, type: 3}
      propertyPath: m_LocalRotation.z
      value: 0
      objectReference: {fileID: 0}
    - target: {fileID: 2215608953358597493, guid: db1edf940da78f44aad1a9bcbb392196, type: 3}
      propertyPath: m_LocalEulerAnglesHint.x
      value: 0
      objectReference: {fileID: 0}
    - target: {fileID: 2215608953358597493, guid: db1edf940da78f44aad1a9bcbb392196, type: 3}
      propertyPath: m_LocalEulerAnglesHint.y
      value: 0
      objectReference: {fileID: 0}
    - target: {fileID: 2215608953358597493, guid: db1edf940da78f44aad1a9bcbb392196, type: 3}
      propertyPath: m_LocalEulerAnglesHint.z
      value: 0
      objectReference: {fileID: 0}
    m_RemovedComponents: []
  m_SourcePrefab: {fileID: 100100000, guid: db1edf940da78f44aad1a9bcbb392196, type: 3}
--- !u!4 &7894637406520329382 stripped
Transform:
  m_CorrespondingSourceObject: {fileID: 2215608953358597493, guid: db1edf940da78f44aad1a9bcbb392196, type: 3}
  m_PrefabInstance: {fileID: 8300150049522514387}
  m_PrefabAsset: {fileID: 0}
