%YAML 1.1
%TAG !u! tag:unity3d.com,2011:
--- !u!1 &4678975191622566926
GameObject:
  m_ObjectHideFlags: 0
  m_CorrespondingSourceObject: {fileID: 0}
  m_PrefabInstance: {fileID: 0}
  m_PrefabAsset: {fileID: 0}
  serializedVersion: 6
  m_Component:
  - component: {fileID: 4678975191622566927}
  - component: {fileID: 8261750149716661944}
  - component: {fileID: 1267686992961860157}
  m_Layer: 0
  m_Name: Plat Line 4
  m_TagString: Untagged
  m_Icon: {fileID: 0}
  m_NavMeshLayer: 0
  m_StaticEditorFlags: 0
  m_IsActive: 1
--- !u!4 &4678975191622566927
Transform:
  m_ObjectHideFlags: 0
  m_CorrespondingSourceObject: {fileID: 0}
  m_PrefabInstance: {fileID: 0}
  m_PrefabAsset: {fileID: 0}
  m_GameObject: {fileID: 4678975191622566926}
  m_LocalRotation: {x: 0, y: 0, z: 0, w: 1}
  m_LocalPosition: {x: 0, y: -3, z: 0}
  m_LocalScale: {x: 1, y: 1, z: 1}
  m_Children:
  - {fileID: 2157221120224160122}
  - {fileID: 4769169641012547493}
  - {fileID: 4416747776815093055}
  - {fileID: 7583106501283098264}
  - {fileID: 1633157218988709364}
  - {fileID: 168496402105353048}
  - {fileID: 7536639926090388025}
  - {fileID: 1655664975590998844}
  m_Father: {fileID: 0}
  m_RootOrder: 0
  m_LocalEulerAnglesHint: {x: 0, y: 0, z: 0}
--- !u!61 &8261750149716661944
BoxCollider2D:
  m_ObjectHideFlags: 0
  m_CorrespondingSourceObject: {fileID: 0}
  m_PrefabInstance: {fileID: 0}
  m_PrefabAsset: {fileID: 0}
  m_GameObject: {fileID: 4678975191622566926}
  m_Enabled: 1
  m_Density: 1
  m_Material: {fileID: 0}
  m_IsTrigger: 1
  m_UsedByEffector: 0
  m_UsedByComposite: 0
  m_Offset: {x: 0, y: -1}
  m_SpriteTilingProperty:
    border: {x: 0, y: 0, z: 0, w: 0}
    pivot: {x: 0, y: 0}
    oldSize: {x: 0, y: 0}
    newSize: {x: 0, y: 0}
    adaptiveTilingThreshold: 0
    drawMode: 0
    adaptiveTiling: 0
  m_AutoTiling: 0
  serializedVersion: 2
  m_Size: {x: 4.7, y: 0.2}
  m_EdgeRadius: 0
--- !u!114 &1267686992961860157
MonoBehaviour:
  m_ObjectHideFlags: 0
  m_CorrespondingSourceObject: {fileID: 0}
  m_PrefabInstance: {fileID: 0}
  m_PrefabAsset: {fileID: 0}
  m_GameObject: {fileID: 4678975191622566926}
  m_Enabled: 1
  m_EditorHideFlags: 0
  m_Script: {fileID: 11500000, guid: 5bbbdb33b7b0c55408d770581b350c69, type: 3}
  m_Name: 
  m_EditorClassIdentifier: 
  Line31G: {fileID: 0}
  Line32G: {fileID: 0}
  Line33G: {fileID: 0}
  Line41G: {fileID: 0}
  Line42G: {fileID: 0}
  Line43G: {fileID: 0}
  Line44G: {fileID: 0}
--- !u!1001 &2142482904604985411
PrefabInstance:
  m_ObjectHideFlags: 0
  serializedVersion: 2
  m_Modification:
    m_TransformParent: {fileID: 4678975191622566927}
    m_Modifications:
    - target: {fileID: 2300563482727680794, guid: b4b7a2014e68c66409c46f43d125b8f2, type: 3}
      propertyPath: m_Name
      value: Line-4.3G0
      objectReference: {fileID: 0}
    - target: {fileID: 2300563482727680794, guid: b4b7a2014e68c66409c46f43d125b8f2, type: 3}
      propertyPath: m_IsActive
      value: 0
      objectReference: {fileID: 0}
    - target: {fileID: 2300563482727680795, guid: b4b7a2014e68c66409c46f43d125b8f2, type: 3}
      propertyPath: m_RootOrder
      value: 5
      objectReference: {fileID: 0}
    - target: {fileID: 2300563482727680795, guid: b4b7a2014e68c66409c46f43d125b8f2, type: 3}
      propertyPath: m_LocalPosition.x
      value: 0
      objectReference: {fileID: 0}
    - target: {fileID: 2300563482727680795, guid: b4b7a2014e68c66409c46f43d125b8f2, type: 3}
      propertyPath: m_LocalPosition.y
      value: 0
      objectReference: {fileID: 0}
    - target: {fileID: 2300563482727680795, guid: b4b7a2014e68c66409c46f43d125b8f2, type: 3}
      propertyPath: m_LocalPosition.z
      value: 0
      objectReference: {fileID: 0}
    - target: {fileID: 2300563482727680795, guid: b4b7a2014e68c66409c46f43d125b8f2, type: 3}
      propertyPath: m_LocalRotation.w
      value: 1
      objectReference: {fileID: 0}
    - target: {fileID: 2300563482727680795, guid: b4b7a2014e68c66409c46f43d125b8f2, type: 3}
      propertyPath: m_LocalRotation.x
      value: 0
      objectReference: {fileID: 0}
    - target: {fileID: 2300563482727680795, guid: b4b7a2014e68c66409c46f43d125b8f2, type: 3}
      propertyPath: m_LocalRotation.y
      value: 0
      objectReference: {fileID: 0}
    - target: {fileID: 2300563482727680795, guid: b4b7a2014e68c66409c46f43d125b8f2, type: 3}
      propertyPath: m_LocalRotation.z
      value: 0
      objectReference: {fileID: 0}
    - target: {fileID: 2300563482727680795, guid: b4b7a2014e68c66409c46f43d125b8f2, type: 3}
      propertyPath: m_LocalEulerAnglesHint.x
      value: 0
      objectReference: {fileID: 0}
    - target: {fileID: 2300563482727680795, guid: b4b7a2014e68c66409c46f43d125b8f2, type: 3}
      propertyPath: m_LocalEulerAnglesHint.y
      value: 0
      objectReference: {fileID: 0}
    - target: {fileID: 2300563482727680795, guid: b4b7a2014e68c66409c46f43d125b8f2, type: 3}
      propertyPath: m_LocalEulerAnglesHint.z
      value: 0
      objectReference: {fileID: 0}
    m_RemovedComponents: []
  m_SourcePrefab: {fileID: 100100000, guid: b4b7a2014e68c66409c46f43d125b8f2, type: 3}
--- !u!4 &168496402105353048 stripped
Transform:
  m_CorrespondingSourceObject: {fileID: 2300563482727680795, guid: b4b7a2014e68c66409c46f43d125b8f2, type: 3}
  m_PrefabInstance: {fileID: 2142482904604985411}
  m_PrefabAsset: {fileID: 0}
--- !u!1001 &2785091633868431337
PrefabInstance:
  m_ObjectHideFlags: 0
  serializedVersion: 2
  m_Modification:
    m_TransformParent: {fileID: 4678975191622566927}
    m_Modifications:
    - target: {fileID: 3462284891340409372, guid: bde4d51c38d37404b9ecadc9d61ab868, type: 3}
      propertyPath: m_Name
      value: Line-4.2G0
      objectReference: {fileID: 0}
    - target: {fileID: 3462284891340409372, guid: bde4d51c38d37404b9ecadc9d61ab868, type: 3}
      propertyPath: m_IsActive
      value: 0
      objectReference: {fileID: 0}
    - target: {fileID: 3462284891340409373, guid: bde4d51c38d37404b9ecadc9d61ab868, type: 3}
      propertyPath: m_RootOrder
      value: 4
      objectReference: {fileID: 0}
    - target: {fileID: 3462284891340409373, guid: bde4d51c38d37404b9ecadc9d61ab868, type: 3}
      propertyPath: m_LocalPosition.x
      value: 0
      objectReference: {fileID: 0}
    - target: {fileID: 3462284891340409373, guid: bde4d51c38d37404b9ecadc9d61ab868, type: 3}
      propertyPath: m_LocalPosition.y
      value: 0
      objectReference: {fileID: 0}
    - target: {fileID: 3462284891340409373, guid: bde4d51c38d37404b9ecadc9d61ab868, type: 3}
      propertyPath: m_LocalPosition.z
      value: 0
      objectReference: {fileID: 0}
    - target: {fileID: 3462284891340409373, guid: bde4d51c38d37404b9ecadc9d61ab868, type: 3}
      propertyPath: m_LocalRotation.w
      value: 1
      objectReference: {fileID: 0}
    - target: {fileID: 3462284891340409373, guid: bde4d51c38d37404b9ecadc9d61ab868, type: 3}
      propertyPath: m_LocalRotation.x
      value: 0
      objectReference: {fileID: 0}
    - target: {fileID: 3462284891340409373, guid: bde4d51c38d37404b9ecadc9d61ab868, type: 3}
      propertyPath: m_LocalRotation.y
      value: 0
      objectReference: {fileID: 0}
    - target: {fileID: 3462284891340409373, guid: bde4d51c38d37404b9ecadc9d61ab868, type: 3}
      propertyPath: m_LocalRotation.z
      value: 0
      objectReference: {fileID: 0}
    - target: {fileID: 3462284891340409373, guid: bde4d51c38d37404b9ecadc9d61ab868, type: 3}
      propertyPath: m_LocalEulerAnglesHint.x
      value: 0
      objectReference: {fileID: 0}
    - target: {fileID: 3462284891340409373, guid: bde4d51c38d37404b9ecadc9d61ab868, type: 3}
      propertyPath: m_LocalEulerAnglesHint.y
      value: 0
      objectReference: {fileID: 0}
    - target: {fileID: 3462284891340409373, guid: bde4d51c38d37404b9ecadc9d61ab868, type: 3}
      propertyPath: m_LocalEulerAnglesHint.z
      value: 0
      objectReference: {fileID: 0}
    m_RemovedComponents: []
  m_SourcePrefab: {fileID: 100100000, guid: bde4d51c38d37404b9ecadc9d61ab868, type: 3}
--- !u!4 &1633157218988709364 stripped
Transform:
  m_CorrespondingSourceObject: {fileID: 3462284891340409373, guid: bde4d51c38d37404b9ecadc9d61ab868, type: 3}
  m_PrefabInstance: {fileID: 2785091633868431337}
  m_PrefabAsset: {fileID: 0}
--- !u!1001 &3265030520904894826
PrefabInstance:
  m_ObjectHideFlags: 0
  serializedVersion: 2
  m_Modification:
    m_TransformParent: {fileID: 4678975191622566927}
    m_Modifications:
    - target: {fileID: 3503882803139190800, guid: 05075ecc3add67b4ca5371ef7e04ba42, type: 3}
      propertyPath: m_RootOrder
      value: 0
      objectReference: {fileID: 0}
    - target: {fileID: 3503882803139190800, guid: 05075ecc3add67b4ca5371ef7e04ba42, type: 3}
      propertyPath: m_LocalPosition.x
      value: 0
      objectReference: {fileID: 0}
    - target: {fileID: 3503882803139190800, guid: 05075ecc3add67b4ca5371ef7e04ba42, type: 3}
      propertyPath: m_LocalPosition.y
      value: 0
      objectReference: {fileID: 0}
    - target: {fileID: 3503882803139190800, guid: 05075ecc3add67b4ca5371ef7e04ba42, type: 3}
      propertyPath: m_LocalPosition.z
      value: 0
      objectReference: {fileID: 0}
    - target: {fileID: 3503882803139190800, guid: 05075ecc3add67b4ca5371ef7e04ba42, type: 3}
      propertyPath: m_LocalRotation.w
      value: 1
      objectReference: {fileID: 0}
    - target: {fileID: 3503882803139190800, guid: 05075ecc3add67b4ca5371ef7e04ba42, type: 3}
      propertyPath: m_LocalRotation.x
      value: 0
      objectReference: {fileID: 0}
    - target: {fileID: 3503882803139190800, guid: 05075ecc3add67b4ca5371ef7e04ba42, type: 3}
      propertyPath: m_LocalRotation.y
      value: 0
      objectReference: {fileID: 0}
    - target: {fileID: 3503882803139190800, guid: 05075ecc3add67b4ca5371ef7e04ba42, type: 3}
      propertyPath: m_LocalRotation.z
      value: 0
      objectReference: {fileID: 0}
    - target: {fileID: 3503882803139190800, guid: 05075ecc3add67b4ca5371ef7e04ba42, type: 3}
      propertyPath: m_LocalEulerAnglesHint.x
      value: 0
      objectReference: {fileID: 0}
    - target: {fileID: 3503882803139190800, guid: 05075ecc3add67b4ca5371ef7e04ba42, type: 3}
      propertyPath: m_LocalEulerAnglesHint.y
      value: 0
      objectReference: {fileID: 0}
    - target: {fileID: 3503882803139190800, guid: 05075ecc3add67b4ca5371ef7e04ba42, type: 3}
      propertyPath: m_LocalEulerAnglesHint.z
      value: 0
      objectReference: {fileID: 0}
    - target: {fileID: 3503882803139190807, guid: 05075ecc3add67b4ca5371ef7e04ba42, type: 3}
      propertyPath: m_Name
      value: Line-3.1GO
      objectReference: {fileID: 0}
    - target: {fileID: 3503882803139190807, guid: 05075ecc3add67b4ca5371ef7e04ba42, type: 3}
      propertyPath: m_IsActive
      value: 0
      objectReference: {fileID: 0}
    m_RemovedComponents: []
  m_SourcePrefab: {fileID: 100100000, guid: 05075ecc3add67b4ca5371ef7e04ba42, type: 3}
--- !u!4 &2157221120224160122 stripped
Transform:
  m_CorrespondingSourceObject: {fileID: 3503882803139190800, guid: 05075ecc3add67b4ca5371ef7e04ba42, type: 3}
  m_PrefabInstance: {fileID: 3265030520904894826}
  m_PrefabAsset: {fileID: 0}
--- !u!1001 &4681044201575260523
PrefabInstance:
  m_ObjectHideFlags: 0
  serializedVersion: 2
  m_Modification:
    m_TransformParent: {fileID: 4678975191622566927}
    m_Modifications:
    - target: {fileID: 2083398696162565952, guid: a608e5508b7631943bbdd74820a84b1d, type: 3}
      propertyPath: m_Name
      value: PlatInicialO
      objectReference: {fileID: 0}
    - target: {fileID: 2083398696162565952, guid: a608e5508b7631943bbdd74820a84b1d, type: 3}
      propertyPath: m_IsActive
      value: 0
      objectReference: {fileID: 0}
    - target: {fileID: 6200456559158616663, guid: a608e5508b7631943bbdd74820a84b1d, type: 3}
      propertyPath: m_RootOrder
      value: 7
      objectReference: {fileID: 0}
    - target: {fileID: 6200456559158616663, guid: a608e5508b7631943bbdd74820a84b1d, type: 3}
      propertyPath: m_LocalPosition.x
      value: 0
      objectReference: {fileID: 0}
    - target: {fileID: 6200456559158616663, guid: a608e5508b7631943bbdd74820a84b1d, type: 3}
      propertyPath: m_LocalPosition.y
      value: 0
      objectReference: {fileID: 0}
    - target: {fileID: 6200456559158616663, guid: a608e5508b7631943bbdd74820a84b1d, type: 3}
      propertyPath: m_LocalPosition.z
      value: 0
      objectReference: {fileID: 0}
    - target: {fileID: 6200456559158616663, guid: a608e5508b7631943bbdd74820a84b1d, type: 3}
      propertyPath: m_LocalRotation.w
      value: 1
      objectReference: {fileID: 0}
    - target: {fileID: 6200456559158616663, guid: a608e5508b7631943bbdd74820a84b1d, type: 3}
      propertyPath: m_LocalRotation.x
      value: 0
      objectReference: {fileID: 0}
    - target: {fileID: 6200456559158616663, guid: a608e5508b7631943bbdd74820a84b1d, type: 3}
      propertyPath: m_LocalRotation.y
      value: 0
      objectReference: {fileID: 0}
    - target: {fileID: 6200456559158616663, guid: a608e5508b7631943bbdd74820a84b1d, type: 3}
      propertyPath: m_LocalRotation.z
      value: 0
      objectReference: {fileID: 0}
    - target: {fileID: 6200456559158616663, guid: a608e5508b7631943bbdd74820a84b1d, type: 3}
      propertyPath: m_LocalEulerAnglesHint.x
      value: 0
      objectReference: {fileID: 0}
    - target: {fileID: 6200456559158616663, guid: a608e5508b7631943bbdd74820a84b1d, type: 3}
      propertyPath: m_LocalEulerAnglesHint.y
      value: 0
      objectReference: {fileID: 0}
    - target: {fileID: 6200456559158616663, guid: a608e5508b7631943bbdd74820a84b1d, type: 3}
      propertyPath: m_LocalEulerAnglesHint.z
      value: 0
      objectReference: {fileID: 0}
    m_RemovedComponents: []
  m_SourcePrefab: {fileID: 100100000, guid: a608e5508b7631943bbdd74820a84b1d, type: 3}
--- !u!4 &1655664975590998844 stripped
Transform:
  m_CorrespondingSourceObject: {fileID: 6200456559158616663, guid: a608e5508b7631943bbdd74820a84b1d, type: 3}
  m_PrefabInstance: {fileID: 4681044201575260523}
  m_PrefabAsset: {fileID: 0}
--- !u!1001 &6096903841359764829
PrefabInstance:
  m_ObjectHideFlags: 0
  serializedVersion: 2
  m_Modification:
    m_TransformParent: {fileID: 4678975191622566927}
    m_Modifications:
    - target: {fileID: 7626842730923673698, guid: 8f309f601ea51fc45aba8fe83a222ef8, type: 3}
      propertyPath: m_RootOrder
      value: 2
      objectReference: {fileID: 0}
    - target: {fileID: 7626842730923673698, guid: 8f309f601ea51fc45aba8fe83a222ef8, type: 3}
      propertyPath: m_LocalPosition.x
      value: 0
      objectReference: {fileID: 0}
    - target: {fileID: 7626842730923673698, guid: 8f309f601ea51fc45aba8fe83a222ef8, type: 3}
      propertyPath: m_LocalPosition.y
      value: 0
      objectReference: {fileID: 0}
    - target: {fileID: 7626842730923673698, guid: 8f309f601ea51fc45aba8fe83a222ef8, type: 3}
      propertyPath: m_LocalPosition.z
      value: 0
      objectReference: {fileID: 0}
    - target: {fileID: 7626842730923673698, guid: 8f309f601ea51fc45aba8fe83a222ef8, type: 3}
      propertyPath: m_LocalRotation.w
      value: 1
      objectReference: {fileID: 0}
    - target: {fileID: 7626842730923673698, guid: 8f309f601ea51fc45aba8fe83a222ef8, type: 3}
      propertyPath: m_LocalRotation.x
      value: 0
      objectReference: {fileID: 0}
    - target: {fileID: 7626842730923673698, guid: 8f309f601ea51fc45aba8fe83a222ef8, type: 3}
      propertyPath: m_LocalRotation.y
      value: 0
      objectReference: {fileID: 0}
    - target: {fileID: 7626842730923673698, guid: 8f309f601ea51fc45aba8fe83a222ef8, type: 3}
      propertyPath: m_LocalRotation.z
      value: 0
      objectReference: {fileID: 0}
    - target: {fileID: 7626842730923673698, guid: 8f309f601ea51fc45aba8fe83a222ef8, type: 3}
      propertyPath: m_LocalEulerAnglesHint.x
      value: 0
      objectReference: {fileID: 0}
    - target: {fileID: 7626842730923673698, guid: 8f309f601ea51fc45aba8fe83a222ef8, type: 3}
      propertyPath: m_LocalEulerAnglesHint.y
      value: 0
      objectReference: {fileID: 0}
    - target: {fileID: 7626842730923673698, guid: 8f309f601ea51fc45aba8fe83a222ef8, type: 3}
      propertyPath: m_LocalEulerAnglesHint.z
      value: 0
      objectReference: {fileID: 0}
    - target: {fileID: 7626842730923673701, guid: 8f309f601ea51fc45aba8fe83a222ef8, type: 3}
      propertyPath: m_Name
      value: Line-3.3GO
      objectReference: {fileID: 0}
    - target: {fileID: 7626842730923673701, guid: 8f309f601ea51fc45aba8fe83a222ef8, type: 3}
      propertyPath: m_IsActive
      value: 0
      objectReference: {fileID: 0}
    m_RemovedComponents: []
  m_SourcePrefab: {fileID: 100100000, guid: 8f309f601ea51fc45aba8fe83a222ef8, type: 3}
--- !u!4 &4416747776815093055 stripped
Transform:
  m_CorrespondingSourceObject: {fileID: 7626842730923673698, guid: 8f309f601ea51fc45aba8fe83a222ef8, type: 3}
  m_PrefabInstance: {fileID: 6096903841359764829}
  m_PrefabAsset: {fileID: 0}
--- !u!1001 &6669850974707544784
PrefabInstance:
  m_ObjectHideFlags: 0
  serializedVersion: 2
  m_Modification:
    m_TransformParent: {fileID: 4678975191622566927}
    m_Modifications:
    - target: {fileID: 2215608953358597490, guid: db1edf940da78f44aad1a9bcbb392196, type: 3}
      propertyPath: m_Name
      value: Line-3.2GO
      objectReference: {fileID: 0}
    - target: {fileID: 2215608953358597490, guid: db1edf940da78f44aad1a9bcbb392196, type: 3}
      propertyPath: m_IsActive
      value: 0
      objectReference: {fileID: 0}
    - target: {fileID: 2215608953358597493, guid: db1edf940da78f44aad1a9bcbb392196, type: 3}
      propertyPath: m_RootOrder
      value: 1
      objectReference: {fileID: 0}
    - target: {fileID: 2215608953358597493, guid: db1edf940da78f44aad1a9bcbb392196, type: 3}
      propertyPath: m_LocalPosition.x
      value: 0
      objectReference: {fileID: 0}
    - target: {fileID: 2215608953358597493, guid: db1edf940da78f44aad1a9bcbb392196, type: 3}
      propertyPath: m_LocalPosition.y
      value: 0
      objectReference: {fileID: 0}
    - target: {fileID: 2215608953358597493, guid: db1edf940da78f44aad1a9bcbb392196, type: 3}
      propertyPath: m_LocalPosition.z
      value: 0
      objectReference: {fileID: 0}
    - target: {fileID: 2215608953358597493, guid: db1edf940da78f44aad1a9bcbb392196, type: 3}
      propertyPath: m_LocalRotation.w
      value: 1
      objectReference: {fileID: 0}
    - target: {fileID: 2215608953358597493, guid: db1edf940da78f44aad1a9bcbb392196, type: 3}
      propertyPath: m_LocalRotation.x
      value: 0
      objectReference: {fileID: 0}
    - target: {fileID: 2215608953358597493, guid: db1edf940da78f44aad1a9bcbb392196, type: 3}
      propertyPath: m_LocalRotation.y
      value: 0
      objectReference: {fileID: 0}
    - target: {fileID: 2215608953358597493, guid: db1edf940da78f44aad1a9bcbb392196, type: 3}
      propertyPath: m_LocalRotation.z
      value: 0
      objectReference: {fileID: 0}
    - target: {fileID: 2215608953358597493, guid: db1edf940da78f44aad1a9bcbb392196, type: 3}
      propertyPath: m_LocalEulerAnglesHint.x
      value: 0
      objectReference: {fileID: 0}
    - target: {fileID: 2215608953358597493, guid: db1edf940da78f44aad1a9bcbb392196, type: 3}
      propertyPath: m_LocalEulerAnglesHint.y
      value: 0
      objectReference: {fileID: 0}
    - target: {fileID: 2215608953358597493, guid: db1edf940da78f44aad1a9bcbb392196, type: 3}
      propertyPath: m_LocalEulerAnglesHint.z
      value: 0
      objectReference: {fileID: 0}
    m_RemovedComponents: []
  m_SourcePrefab: {fileID: 100100000, guid: db1edf940da78f44aad1a9bcbb392196, type: 3}
--- !u!4 &4769169641012547493 stripped
Transform:
  m_CorrespondingSourceObject: {fileID: 2215608953358597493, guid: db1edf940da78f44aad1a9bcbb392196, type: 3}
  m_PrefabInstance: {fileID: 6669850974707544784}
  m_PrefabAsset: {fileID: 0}
--- !u!1001 &8168608214720801655
PrefabInstance:
  m_ObjectHideFlags: 0
  serializedVersion: 2
  m_Modification:
    m_TransformParent: {fileID: 4678975191622566927}
    m_Modifications:
    - target: {fileID: 1858649573818480974, guid: bb668936161e60746b35b57cf8ddb2ec, type: 3}
      propertyPath: m_RootOrder
      value: 6
      objectReference: {fileID: 0}
    - target: {fileID: 1858649573818480974, guid: bb668936161e60746b35b57cf8ddb2ec, type: 3}
      propertyPath: m_LocalPosition.x
      value: 0
      objectReference: {fileID: 0}
    - target: {fileID: 1858649573818480974, guid: bb668936161e60746b35b57cf8ddb2ec, type: 3}
      propertyPath: m_LocalPosition.y
      value: 0
      objectReference: {fileID: 0}
    - target: {fileID: 1858649573818480974, guid: bb668936161e60746b35b57cf8ddb2ec, type: 3}
      propertyPath: m_LocalPosition.z
      value: 0
      objectReference: {fileID: 0}
    - target: {fileID: 1858649573818480974, guid: bb668936161e60746b35b57cf8ddb2ec, type: 3}
      propertyPath: m_LocalRotation.w
      value: 1
      objectReference: {fileID: 0}
    - target: {fileID: 1858649573818480974, guid: bb668936161e60746b35b57cf8ddb2ec, type: 3}
      propertyPath: m_LocalRotation.x
      value: 0
      objectReference: {fileID: 0}
    - target: {fileID: 1858649573818480974, guid: bb668936161e60746b35b57cf8ddb2ec, type: 3}
      propertyPath: m_LocalRotation.y
      value: 0
      objectReference: {fileID: 0}
    - target: {fileID: 1858649573818480974, guid: bb668936161e60746b35b57cf8ddb2ec, type: 3}
      propertyPath: m_LocalRotation.z
      value: 0
      objectReference: {fileID: 0}
    - target: {fileID: 1858649573818480974, guid: bb668936161e60746b35b57cf8ddb2ec, type: 3}
      propertyPath: m_LocalEulerAnglesHint.x
      value: 0
      objectReference: {fileID: 0}
    - target: {fileID: 1858649573818480974, guid: bb668936161e60746b35b57cf8ddb2ec, type: 3}
      propertyPath: m_LocalEulerAnglesHint.y
      value: 0
      objectReference: {fileID: 0}
    - target: {fileID: 1858649573818480974, guid: bb668936161e60746b35b57cf8ddb2ec, type: 3}
      propertyPath: m_LocalEulerAnglesHint.z
      value: 0
      objectReference: {fileID: 0}
    - target: {fileID: 1858649573818480975, guid: bb668936161e60746b35b57cf8ddb2ec, type: 3}
      propertyPath: m_Name
      value: Line-4.4GO
      objectReference: {fileID: 0}
    - target: {fileID: 1858649573818480975, guid: bb668936161e60746b35b57cf8ddb2ec, type: 3}
      propertyPath: m_IsActive
      value: 0
      objectReference: {fileID: 0}
    m_RemovedComponents: []
  m_SourcePrefab: {fileID: 100100000, guid: bb668936161e60746b35b57cf8ddb2ec, type: 3}
--- !u!4 &7536639926090388025 stripped
Transform:
  m_CorrespondingSourceObject: {fileID: 1858649573818480974, guid: bb668936161e60746b35b57cf8ddb2ec, type: 3}
  m_PrefabInstance: {fileID: 8168608214720801655}
  m_PrefabAsset: {fileID: 0}
--- !u!1001 &8190466721478812673
PrefabInstance:
  m_ObjectHideFlags: 0
  serializedVersion: 2
  m_Modification:
    m_TransformParent: {fileID: 4678975191622566927}
    m_Modifications:
    - target: {fileID: 1771877526634236568, guid: f420a521d5544ad49af8c333b561815d, type: 3}
      propertyPath: m_Name
      value: Line-4.1G0
      objectReference: {fileID: 0}
    - target: {fileID: 1771877526634236568, guid: f420a521d5544ad49af8c333b561815d, type: 3}
      propertyPath: m_IsActive
      value: 0
      objectReference: {fileID: 0}
    - target: {fileID: 1771877526634236569, guid: f420a521d5544ad49af8c333b561815d, type: 3}
      propertyPath: m_RootOrder
      value: 3
      objectReference: {fileID: 0}
    - target: {fileID: 1771877526634236569, guid: f420a521d5544ad49af8c333b561815d, type: 3}
      propertyPath: m_LocalPosition.x
      value: 0
      objectReference: {fileID: 0}
    - target: {fileID: 1771877526634236569, guid: f420a521d5544ad49af8c333b561815d, type: 3}
      propertyPath: m_LocalPosition.y
      value: 0
      objectReference: {fileID: 0}
    - target: {fileID: 1771877526634236569, guid: f420a521d5544ad49af8c333b561815d, type: 3}
      propertyPath: m_LocalPosition.z
      value: 0
      objectReference: {fileID: 0}
    - target: {fileID: 1771877526634236569, guid: f420a521d5544ad49af8c333b561815d, type: 3}
      propertyPath: m_LocalRotation.w
      value: 1
      objectReference: {fileID: 0}
    - target: {fileID: 1771877526634236569, guid: f420a521d5544ad49af8c333b561815d, type: 3}
      propertyPath: m_LocalRotation.x
      value: 0
      objectReference: {fileID: 0}
    - target: {fileID: 1771877526634236569, guid: f420a521d5544ad49af8c333b561815d, type: 3}
      propertyPath: m_LocalRotation.y
      value: 0
      objectReference: {fileID: 0}
    - target: {fileID: 1771877526634236569, guid: f420a521d5544ad49af8c333b561815d, type: 3}
      propertyPath: m_LocalRotation.z
      value: 0
      objectReference: {fileID: 0}
    - target: {fileID: 1771877526634236569, guid: f420a521d5544ad49af8c333b561815d, type: 3}
      propertyPath: m_LocalEulerAnglesHint.x
      value: 0
      objectReference: {fileID: 0}
    - target: {fileID: 1771877526634236569, guid: f420a521d5544ad49af8c333b561815d, type: 3}
      propertyPath: m_LocalEulerAnglesHint.y
      value: 0
      objectReference: {fileID: 0}
    - target: {fileID: 1771877526634236569, guid: f420a521d5544ad49af8c333b561815d, type: 3}
      propertyPath: m_LocalEulerAnglesHint.z
      value: 0
      objectReference: {fileID: 0}
    m_RemovedComponents: []
  m_SourcePrefab: {fileID: 100100000, guid: f420a521d5544ad49af8c333b561815d, type: 3}
--- !u!4 &7583106501283098264 stripped
Transform:
  m_CorrespondingSourceObject: {fileID: 1771877526634236569, guid: f420a521d5544ad49af8c333b561815d, type: 3}
  m_PrefabInstance: {fileID: 8190466721478812673}
  m_PrefabAsset: {fileID: 0}
